@article{BAZGAN201341,
  title   = {{Single approximation for the biobjective Max TSP}},
  author  = {Bazgan, Cristina and Gourv{\`{e}}s, Laurent and Monnot, J{\'{e}}r{\^{o}}me and Pascual, Fanny},
  issn    = {0304-3975},
  journal = {Theoretical Computer Science},
  pages   = {41--50},
  url     = {http://www.sciencedirect.com/science/article/pii/S0304397513000832},
  volume  = {478},
  year    = {2013}
}

@book{deb2001multi,
  title     = {Multi-objective optimization using evolutionary algorithms},
  author    = {Deb, Kalyanmoy},
  volume    = {16},
  year      = {2001},
  publisher = {John Wiley \& Sons}
}

@phdthesis{fialho2010adaptive,
  title  = {Adaptive operator selection for optimization},
  author = {Fialho, {\'A}lvaro},
  year   = {2010},
  school = {Universit{\'e} Paris Sud-Paris XI}
}

@inproceedings{IBEA,
  title        = {Indicator-based selection in multiobjective search},
  author       = {Zitzler, Eckart and K{\"u}nzli, Simon},
  booktitle    = {International conference on parallel problem solving from nature},
  pages        = {832--842},
  year         = {2004},
  organization = {Springer}
}

@article{moead,
  title     = {MOEA/D: A multiobjective evolutionary algorithm based on decomposition},
  author    = {Zhang, Qingfu and Li, Hui},
  journal   = {IEEE Transactions on evolutionary computation},
  volume    = {11},
  number    = {6},
  pages     = {712--731},
  year      = {2007},
  publisher = {IEEE}
}

@article{tian2019evolutionary,
  title     = {An Evolutionary Algorithm for Large-Scale Sparse Multiobjective Optimization Problems},
  author    = {Tian, Ye and Zhang, Xingyi and Wang, Chao and Jin, Yaochu},
  journal   = {IEEE Transactions on Evolutionary Computation},
  volume    = {24},
  number    = {2},
  pages     = {380--393},
  year      = {2019},
  publisher = {IEEE}
}